%importa qui la bibliografia riempiendo tutti i tag contrassegnati da parentesi graffe precedute da segno uguale,
%separa i campi tramite la virgola O L'INTERA BIBLIOGRAFIA NON FUNZIONA

@book{label,
author={},
title={},
year={}
}